<?xml version="1.0" encoding="UTF-8"?><collection xmlns="http://www.loc.gov/MARC21/slim"><record><leader>00536nam--2200181-u-4500</leader><controlfield tag="001">000055700</controlfield><controlfield tag="002">20161230</controlfield><controlfield tag="005">20161230201052</controlfield><controlfield tag="008">130328s1000------------r-----000-0-rum-d</controlfield><datafield ind1=" " ind2=" " tag="040"><subfield code="a">IFIN-HH</subfield></datafield><datafield ind1=" " ind2=" " tag="041"><subfield code="a">rum</subfield></datafield><datafield ind1="1" ind2=" " tag="100"><subfield code="a">Massey, Harrie</subfield></datafield><datafield ind1="1" ind2="0" tag="245"><subfield code="a">Noua era in fizica</subfield><subfield code="b">In romaneste de ing. d. marinescu si t. rosescu</subfield><subfield code="c">Harrie massey</subfield></datafield><datafield ind1=" " ind2=" " tag="260"><subfield code="a">Bucuresti</subfield><subfield code="b">Editura Stiintifica</subfield><subfield code="c">1966</subfield></datafield><datafield ind1=" " ind2=" " tag="300"><subfield code="a">413P</subfield></datafield><datafield ind1=" " ind2=" " tag="500"><subfield code="a">Titluln Original In Limba Engleza: The New Age In Physics</subfield></datafield><datafield ind1=" " ind2=" " tag="852"><subfield code="a">25250</subfield><subfield code="c">H.H</subfield></datafield><datafield ind1=" " ind2=" " tag="CAT"><subfield code="a">Sys</subfield><subfield code="c">20130328</subfield><subfield code="h">174158</subfield></datafield></record></collection>